@inproceedings{Moiseenko2020-al:ECOOP20,
  title		= {Reconciling Event Structures with Modern Multiprocessors},
  author	= {Moiseenko, E and Podkopaev, A and Lahav, O and
		  Melkonian, O and Vafeiadis, V},
  booktitle	= {European Conference on Object-Oriented Programming, ECOOP 2020},
  year		= {2020},
  pages		= {5:1--5:26},
  series	= {Leibniz International Proceedings in Informatics
		  (LIPIcs)},
  isbn		= {978-3-95977-154-2},
  issn		= {1868-8969},
  volume	= {166},
  opteditor	= {Robert Hirschfeld and Tobias Pape},
  publisher	= {Schloss Dagstuhl--Leibniz-Zentrum für Informatik},
  address	= {Dagstuhl, Germany},
  url		= {https://drops.dagstuhl.de/opus/volltexte/2020/13162},
  urn		= {urn:nbn:de:0030-drops-131622},
  doi		= {10.4230/LIPIcs.ECOOP.2020.5},
  annote	= {Keywords: Weak Memory Consistency, Event Structures, IMM,
		  Weakestmo},
  options       = {maxnames=99},
  language      = {english},
  authorconf    = {true},
  authorscopus  = {true},
  addendum      = {(Scopus)},
}

@ARTICLE{Moiseenko-al:PCS21,
  title         = {A Survey of Programming Language Memory Models},
  author        = {Moiseenko, E and Podkopaev, A and Koznov, D},
  journal       = {Programming and Computer Software},
  volume        = {47},
  number        = {6},
  pages         = {439--456},
  year          = {2021},
  publisher     = {Springer},
  language      = {english},
  authorvak     = {true},
  authorscopus  = {true},
  addendum      = {(ВАК, Scopus)},
}

@article{Gladstein-al:ISPRAS21,
  title         = {Mechanized Theory of Event Structures: A Case of Parallel Register Machine},
  author        = {Gladstein, V and Mikhailovskii, D and Moiseenko, E and Trunov, A},
  journal       = {Труды Института системного программирования РАН},
  volume        = {33},
  number        = {3},
  pages         = {143--154},
  year          = {2021},
  publisher     = {Институт системного программирования им. ВП Иванникова РАН},
  authorconf    = {true},
  authorvak     = {true},
  addendum      = {(ВАК)},
}
